<?xml version="1.0" encoding="UTF-8"?><collection xmlns="http://www.loc.gov/MARC21/slim"><record><leader>00553nam--2200181-i-4500</leader><controlfield tag="001">000034565</controlfield><controlfield tag="002">20161230</controlfield><controlfield tag="005">20161230201040</controlfield><controlfield tag="008">060222s1000------------r-----000-0-eng-d</controlfield><datafield ind1=" " ind2=" " tag="020"><subfield code="a">9171462252</subfield></datafield><datafield ind1=" " ind2=" " tag="040"><subfield code="a">IFIN-HH</subfield></datafield><datafield ind1=" " ind2=" " tag="080"><subfield code="a">538.951(043)</subfield></datafield><datafield ind1="1" ind2=" " tag="100"><subfield code="a">Neve, Jesper</subfield></datafield><datafield ind1="1" ind2="0" tag="245"><subfield code="a">Calculations of electronic structures with applications to transport properties and to low energy electron diffraction</subfield><subfield code="b">Dissertation</subfield><subfield code="c">Jesper neve</subfield></datafield><datafield ind1=" " ind2=" " tag="260"><subfield code="a">Edsbruk</subfield><subfield code="b">Holms Gard</subfield><subfield code="c">1982</subfield></datafield><datafield ind1=" " ind2=" " tag="300"><subfield code="a">/P.DIF.</subfield></datafield><datafield ind1=" " ind2=" " tag="852"><subfield code="a">71181</subfield><subfield code="c">539.2</subfield></datafield><datafield ind1=" " ind2=" " tag="CAT"><subfield code="a">Sys</subfield><subfield code="c">20121106</subfield><subfield code="h">171617</subfield></datafield></record></collection>